<record><leader>00000cas a2200000 a 4500</leader><controlfield tag="001">12957674</controlfield><controlfield tag="008">851228c18799999nyuwr ne      0   a0eng c</controlfield><datafield ind1=" " ind2=" " tag="010"><subfield code="a">sn 85038685 </subfield></datafield><datafield ind1=" " ind2=" " tag="040"><subfield code="a">NPY</subfield><subfield code="b">eng</subfield><subfield code="c">NPY</subfield><subfield code="d">NYS</subfield><subfield code="d">NSD</subfield><subfield code="d">NYS</subfield><subfield code="d">OCLCQ</subfield><subfield code="d">OCLCF</subfield><subfield code="d">OCLCO</subfield></datafield><datafield ind1=" " ind2=" " tag="012"><subfield code="l">1</subfield></datafield><datafield ind1="0" ind2=" " tag="022"><subfield code="a">1095-9432</subfield><subfield code="l">1095-9432</subfield><subfield code="2">1</subfield></datafield><datafield ind1=" " ind2=" " tag="032"><subfield code="a">024300</subfield><subfield code="b">USPS</subfield></datafield><datafield ind1=" " ind2=" " tag="037"><subfield code="b">5564 Main St., PO Box 150, Buffalo, NY 14231-0150</subfield><subfield code="c">$36.00</subfield></datafield><datafield ind1=" " ind2=" " tag="042"><subfield code="a">pcc</subfield><subfield code="a">nsdp</subfield></datafield><datafield ind1=" " ind2=" " tag="043"><subfield code="a">n-us-ny</subfield></datafield><datafield ind1="1" ind2="0" tag="082"><subfield code="a">070</subfield><subfield code="2">12</subfield></datafield><datafield ind1="0" ind2=" " tag="210"><subfield code="a">Amherst bee</subfield></datafield><datafield ind1=" " ind2="0" tag="222"><subfield code="a">Amherst bee</subfield></datafield><datafield ind1="0" ind2="4" tag="245"><subfield code="a">The Amherst bee.</subfield></datafield><datafield ind1=" " ind2=" " tag="260"><subfield code="a">Williamsville, N.Y. :</subfield><subfield code="b">A.L. Rinewalt,</subfield><subfield code="c">1879-</subfield></datafield><datafield ind1=" " ind2=" " tag="300"><subfield code="a">v. ;</subfield><subfield code="c">40-62 cm.</subfield></datafield><datafield ind1=" " ind2=" " tag="310"><subfield code="a">Weekly</subfield></datafield><datafield ind1="0" ind2=" " tag="362"><subfield code="a">Vol. 1, no. 1 (Mar. 27, 1879)-</subfield></datafield><datafield ind1=" " ind2=" " tag="500"><subfield code="a">Publishers: Adam L. Rinewalt, 1879-1907; George J. Measer Sr., 1907-1965; George J. Measer, 1965-1994; Trey Measer, 1994-</subfield></datafield><datafield ind1=" " ind2=" " tag="500"><subfield code="a">"So doth the busy bee improve each golden hour."</subfield></datafield><datafield ind1=" " ind2=" " tag="500"><subfield code="a">"Official newspaper: Town of Amherst, Village of Williamsville, County of Erie, Amherst Central Schools, Sweet Home Central Schools, Williamsville Central Schools."</subfield></datafield><datafield ind1=" " ind2=" " tag="500"><subfield code="a">75th Anniversary Edition issued on Mar. 25, 1954, also numberedas Vol. 1, no. 1 (Mar. 27, 1879).</subfield></datafield><datafield ind1=" " ind2=" " tag="500"><subfield code="a">Published: Buffalo, NY : Bee Publications Inc., &lt;1997-2000&gt;.</subfield></datafield><datafield ind1=" " ind2=" " tag="588"><subfield code="a">Latest issue consulted: 121st year, no. 52 (Mar. 1, 2000).</subfield></datafield><datafield ind1=" " ind2="0" tag="651"><subfield code="a">Amherst (N.Y.)</subfield><subfield code="v">Newspapers.</subfield></datafield><datafield ind1=" " ind2="0" tag="651"><subfield code="a">Buffalo (N.Y.)</subfield><subfield code="v">Newspapers.</subfield></datafield><datafield ind1=" " ind2="0" tag="651"><subfield code="a">Williamsville (N.Y.)</subfield><subfield code="v">Newspapers.</subfield></datafield><datafield ind1=" " ind2="0" tag="651"><subfield code="a">Erie County (N.Y.)</subfield><subfield code="v">Newspapers.</subfield></datafield><datafield ind1=" " ind2="7" tag="655"><subfield code="a">Newspapers.</subfield><subfield code="2">fast</subfield><subfield code="0">(OCoLC)fst01423814</subfield></datafield><datafield ind1=" " ind2="7" tag="651"><subfield code="a">New York (State)</subfield><subfield code="z">Amherst.</subfield><subfield code="2">fast</subfield><subfield code="0">(OCoLC)fst01207518</subfield></datafield><datafield ind1=" " ind2="7" tag="651"><subfield code="a">New York (State)</subfield><subfield code="z">Buffalo.</subfield><subfield code="2">fast</subfield><subfield code="0">(OCoLC)fst01205730</subfield></datafield><datafield ind1=" " ind2="7" tag="651"><subfield code="a">New York (State)</subfield><subfield code="z">Erie County.</subfield><subfield code="2">fast</subfield><subfield code="0">(OCoLC)fst01202692</subfield></datafield><datafield ind1=" " ind2="7" tag="651"><subfield code="a">New York (State)</subfield><subfield code="z">Williamsville.</subfield><subfield code="2">fast</subfield><subfield code="0">(OCoLC)fst01229450</subfield></datafield><datafield ind1=" " ind2=" " tag="752"><subfield code="a">United States</subfield><subfield code="b">New York</subfield><subfield code="c">Erie</subfield><subfield code="d">Buffalo.</subfield></datafield><datafield ind1=" " ind2=" " tag="752"><subfield code="a">United States</subfield><subfield code="b">New York</subfield><subfield code="c">Erie</subfield><subfield code="d">Williamsville.</subfield></datafield><datafield ind1="4" ind2="1" tag="856"><subfield code="u">http://www.beenews.com</subfield></datafield></record>